@article{PhysRevLett.100.120801,
  title = {New Measurement of the Electron Magnetic Moment and the Fine Structure Constant},
  author = {Hanneke, D. and Fogwell, S. and Gabrielse, G.},
  journal = {Phys. Rev. Lett.},
  volume = {100},
  issue = {12},
  pages = {120801},
  numpages = {4},
  year = {2008},
  month = {Mar},
  publisher = {American Physical Society},
  doi = {10.1103/PhysRevLett.100.120801},
  url = {http://link.aps.org/doi/10.1103/PhysRevLett.100.120801}
}
@article{PhysRev.104.254,
  title = {Question of Parity Conservation in Weak Interactions},
  author = {Lee, T. D. and Yang, C. N.},
  journal = {Phys. Rev.},
  volume = {104},
  issue = {1},
  pages = {254--258},
  numpages = {0},
  year = {1956},
  month = {Oct},
  publisher = {American Physical Society},
  doi = {10.1103/PhysRev.104.254},
  url = {http://link.aps.org/doi/10.1103/PhysRev.104.254}
}
@article{Felcini:2004yn,
      author         = "Felcini, Marta",
      title          = "{A Test of CP symmetry in positronium}",
      journal        = "Int.J.Mod.Phys.",
      volume         = "A19",
      pages          = "3853-3864",
      doi            = "10.1142/S0217751X04020129",
      year           = "2004",
      eprint         = "hep-ex/0404041",
      archivePrefix  = "arXiv",
      primaryClass   = "hep-ex",
}
@article{PhysRevLett.104.083401,
  title = {Search for $CP$ Violation in Positronium Decay},
  author = {Yamazaki, T. and Namba, T. and Asai, S. and Kobayashi, T.},
  journal = {Phys. Rev. Lett.},
  volume = {104},
  issue = {8},
  pages = {083401},
  numpages = {4},
  year = {2010},
  month = {Feb},
  publisher = {American Physical Society},
  doi = {10.1103/PhysRevLett.104.083401},
  url = {http://link.aps.org/doi/10.1103/PhysRevLett.104.083401}
}
@article{Bernreuther:1981ah,
      author         = "Bernreuther, W. and Nachtmann, O.",
      title          = "{Weak Interaction Effects in Positronium}",
      journal        = "Z.Phys.",
      volume         = "C11",
      pages          = "235",
      doi            = "10.1007/BF01545680",
      year           = "1981",
      reportNumber   = "HD-THEP-81-7",
      SLACcitation   = "%%CITATION = ZEPYA,C11,235;%%",
}
@article{Bernreuther:1988tt,
      author         = "Bernreuther, W. and Low, U. and Ma, J.P. and Nachtmann,
                        O.",
      title          = "{How to Test {CP}, $T$ and {CPT} Invariance in the Three
                        Photon Decay of Polarized $s$ Wave Triplet Positronium}",
      journal        = "Z.Phys.",
      volume         = "C41",
      pages          = "143",
      doi            = "10.1007/BF01412589",
      year           = "1988",
      reportNumber   = "HD-THEP-87-25",
      SLACcitation   = "%%CITATION = ZEPYA,C41,143;%%",
}
@article{PhysRev.75.1696,
  title = {Three-Photon Annihilation of an Electron-Positron Pair},
  author = {Ore, A. and Powell, J. L.},
  journal = {Phys. Rev.},
  volume = {75},
  issue = {11},
  pages = {1696--1699},
  numpages = {0},
  year = {1949},
  month = {Jun},
  publisher = {American Physical Society},
  doi = {10.1103/PhysRev.75.1696},
  url = {http://link.aps.org/doi/10.1103/PhysRev.75.1696}
}
@article{PhysRev.82.455,
  title = {Evidence for the Formation of Positronium in Gases},
  author = {Deutsch, Martin},
  journal = {Phys. Rev.},
  volume = {82},
  issue = {3},
  pages = {455--456},
  numpages = {0},
  year = {1951},
  month = {May},
  publisher = {American Physical Society},
  doi = {10.1103/PhysRev.82.455},
  url = {http://link.aps.org/doi/10.1103/PhysRev.82.455}
}
@article{PhysRevLett.67.1993,
  title = {First test of     \textit{CP}   invariance in the decay of positronium},
  author = {Skalsey, M. and Van House, J.},
  journal = {Phys. Rev. Lett.},
  volume = {67},
  issue = {15},
  pages = {1993--1996},
  numpages = {0},
  year = {1991},
  month = {Oct},
  publisher = {American Physical Society},
  doi = {10.1103/PhysRevLett.67.1993},
  url = {http://link.aps.org/doi/10.1103/PhysRevLett.67.1993}
}
@ARTICLE{2003NIMPA.505...85P,
   author = {{Perry}, B.~C. and {Campbell}, C.~M. and {Church}, J.~A. and 
{Dinca}, D.-C. and {Enders}, J. and {Glasmacher}, T. and {Hu}, Z. and 
{Miller}, K.~L. and {Mueller}, W.~F. and {Olliver}, H.},
    title = "{A high-efficiency NaI(Tl) detector array with position sensitivity for experiments with fast exotic beams}",
  journal = {Nuclear Instruments and Methods in Physics Research A},
     year = 2003,
    month = jun,
   volume = 505,
    pages = {85-88},
      doi = {10.1016/S0168-9002(03)01026-X},
   adsurl = {http://adsabs.harvard.edu/abs/2003NIMPA.505...85P},
  adsnote = {Provided by the SAO/NASA Astrophysics Data System}
}
@article{Mercer1994491,
title = "A large solid-angle array for heavy ions from \{APEX\} ",
journal = "Nuclear Instruments and Methods in Physics Research Section A: Accel\
erators, Spectrometers, Detectors and Associated Equipment ",
volume = "350",
number = "3",
pages = "491 - 502",
year = "1994",
note = "",
issn = "0168-9002",
doi = "http://dx.doi.org/10.1016/0168-9002(94)91249-1",
url = "http://www.sciencedirect.com/science/article/pii/0168900294912491",
author = "D.J. Mercer and D. Mikolas and J. Yurkon and Sam M. Austin and D. Baz
in and S. Gaff and E. Kashy and D. Kataria and J.S. Winfield and R.R. Betts and
 D.J. Henderson and A.L. Hallin and M. Liu and F.L.H. Wolfs"
}
@PhdThesis{StephenDaigle,
           title = "{Low Energy Proton Capture Study of the ${}^{14}N(p,{\gamma}){}^{15}O$ Reaction}",
          author = "Stephen Michael Daigle",
          school = "University of North Carolina, Chapel Hill",
            year = "2013",
}
@article{PhysRev.105.1413,
  title = {Experimental Test of Parity Conservation in Beta Decay},
  author = {Wu, C. S. and Ambler, E. and Hayward, R. W. and Hoppes, D. D. and Hudson, R. P.},
  journal = {Phys. Rev.},
  volume = {105},
  issue = {4},
  pages = {1413--1415},
  numpages = {0},
  year = {1957},
  month = {Feb},
  publisher = {American Physical Society},
  doi = {10.1103/PhysRev.105.1413},
  url = {http://link.aps.org/doi/10.1103/PhysRev.105.1413}
}
@article{PhysRevLett.13.138,
  title = {Evidence for the $2\pi$ Decay of the $K_{2}^{0}$ Meson},
  author = {Christenson, J. H. and Cronin, J. W. and Fitch, V. L. and Turlay, R.},
  journal = {Phys. Rev. Lett.},
  volume = {13},
  issue = {4},
  pages = {138--140},
  numpages = {0},
  year = {1964},
  month = {Jul},
  publisher = {American Physical Society},
  doi = {10.1103/PhysRevLett.13.138},
  url = {http://link.aps.org/doi/10.1103/PhysRevLett.13.138}
}
@article{0038-5670-34-5-A08,
  author={Andrei D Sakharov},
  title={Violation of CP in variance, C asymmetry, and baryon asymmetry of the universe},
  journal={Soviet Physics Uspekhi},
  volume={34},
  number={5},
  pages={392},
  url={http://stacks.iop.org/0038-5670/34/i=5/a=A08},
  year={1991},
  abstract={}
}
@article{Namba01012012,
author = {Namba, Toshio}, 
title = {Precise measurement of positronium},
volume = {2012}, 
number = {1}, 
year = {2012}, 
doi = {10.1093/ptep/pts062}, 
abstract ={Positronium is an ideal system for research into bound-state quantum electrodynamics. In this paper, many properties of positronium are precisely measured and compared with theory. Two properties, the lifetime of ortho-positronium and ground-state hyperfine splitting, are discussed.}, 
URL = {http://ptep.oxfordjournals.org/content/2012/1/04D003.abstract}, 
eprint = {http://ptep.oxfordjournals.org/content/2012/1/04D003.full.pdf+html}, 
journal = {Progress of Theoretical and Experimental Physics} 
}
@misc{LBNE,
title={LBNE collaboration},
howpublished={\url{http://lbne.fnal.gov/}},
note={Accessed: 2015-03-25}
}
@misc{Geant4,
  title = {Geant4},
  howpublished = {\url{http://geant4.cern.ch/}},
  note = {Accessed: 2015-03-25}
}
@misc{Radia,
title={Radia Mathematica Software},
howpublished={\url{http://www.esrf.eu/Accelerators/Groups/InsertionDevices/Software/Radia}},
note={Accessed: 2015-03-25}
}
@unpublished{PALS,
title= {Preparation and Examination of ${}^{22}Na_{2}CO_{3}$ Sources of Positron Annihilation Lifetime Spectroscopy (PALS)},
author = {J{\"o}rg Haeberle},
year = {2011},
note= {Martin-Luther-Universit{\"a}t Halle-Wittenberg},
URL= {http://positron.physik.uni-halle.de/talks/PSD11_JoergHaeberle.pdf}
}
@article{PhysRevLett.98.211802,
  title = {Evidence for ${D}^{0}\mathrm{\text{-}}{\overline{D}}^{0}$ Mixing},
  author = {Aubert, B. et al},
  journal = {Phys. Rev. Lett.},
  volume = {98},
  issue = {21},
  pages = {211802},
  numpages = {7},
  year = {2007},
  month = {May},
  publisher = {American Physical Society},
  doi = {10.1103/PhysRevLett.98.211802},
  url = {http://link.aps.org/doi/10.1103/PhysRevLett.98.211802}
}
@article{PhysRevLett.87.091801,
  title = {Observation of $\mathit{CP}$ Violation in the ${\mathit{B}}^{0}$ Meson System},
  author = {Aubert, B. et al},
  journal = {Phys. Rev. Lett.},
  volume = {87},
  issue = {9},
  pages = {091801},
  numpages = {8},
  year = {2001},
  month = {Aug},
  publisher = {American Physical Society},
  doi = {10.1103/PhysRevLett.87.091801},
  url = {http://link.aps.org/doi/10.1103/PhysRevLett.87.091801}
}
@article{Asai:2003hs,
      author         = "Asai, S. and Jinnouchi, O. and Kobayashi, T.",
      title          = "{Solution of orthopositronium lifetime puzzle}",
      journal        = "Int.J.Mod.Phys.",
      volume         = "A19",
      pages          = "3927-3938",
      doi            = "10.1142/S0217751X0402018X",
      year           = "2004",
      eprint         = "hep-ex/0308031",
      archivePrefix  = "arXiv",
      primaryClass   = "hep-ex",
      reportNumber   = "UT-ICEPP-03-06",
      SLACcitation   = "%%CITATION = HEP-EX/0308031;%%",
}